
@article{anderson15stochastic,
  title = {Stochastic Representations of Ion Channel Kinetics and Exact Stochastic Simulation of Neuronal Dynamics},
  author = {Anderson, David F. and Ermentrout, Bard and Thomas, Peter J.},
  year = {2015},
  month = feb,
  volume = {38},
  pages = {67--82},
  issn = {0929-5313, 1573-6873},
  doi = {10.1007/s10827-014-0528-2},
  file = {G\:\\My Drive\\Files\\zotero_library\\Anderson et al_2015_Stochastic representations of ion channel kinetics and exact stochastic.pdf;G\:\\My Drive\\Files\\zotero_library\\Anderson et al_2015_Stochastic representations of ion channel kinetics and exact stochastic2.pdf},
  journal = {Journal of Computational Neuroscience},
  language = {en},
  number = {1}
}

@book{anderson15stochastica,
  title = {Stochastic Analysis of Biochemical Systems},
  author = {Anderson, David F and Kurtz, Thomas G and {Mathematical Biosciences Institute at the Ohio State University}},
  year = {2015},
  annotation = {OCLC: 908157962},
  file = {G\:\\My Drive\\Files\\zotero_library\\Zotero-bypass\\Anderson et al_2015_Stochastic analysis of biochemical systems.pdf},
  isbn = {978-3-319-16895-1 978-3-319-16894-4},
  language = {English}
}

@misc{cdc18epilepsy,
  title = {Epilepsy},
  author = {CDC},
  year = {2018},
  month = dec,
  howpublished = {https://www.cdc.gov/epilepsy/about/fast-facts.htm},
  language = {en-us}
}

@book{ermentrout10mathematical,
  title = {Mathematical {{Foundations}} of {{Neuroscience}}},
  author = {Ermentrout, G. Bard and Terman, David H.},
  year = {2010},
  volume = {35},
  publisher = {{Springer New York}},
  address = {{New York, NY}},
  doi = {10.1007/978-0-387-87708-2},
  file = {G\:\\My Drive\\Files\\zotero_library\\Ermentrout_Terman_2010_Mathematical Foundations of Neuroscience.pdf},
  isbn = {978-0-387-87707-5 978-0-387-87708-2},
  language = {en},
  series = {Interdisciplinary {{Applied Mathematics}}}
}

@article{gonzalez-miranda14pacemaker,
  title = {Pacemaker Dynamics in the Full {{Morris}}\textendash{{Lecar}} Model},
  author = {{Gonz{\'a}lez-Miranda}, J.M.},
  year = {2014},
  month = sep,
  volume = {19},
  pages = {3229--3241},
  issn = {10075704},
  doi = {10.1016/j.cnsns.2014.02.020},
  file = {G\:\\My Drive\\Files\\zotero_library\\González-Miranda_2014_Pacemaker dynamics in the full Morris–Lecar model.pdf},
  journal = {Communications in Nonlinear Science and Numerical Simulation},
  language = {en},
  number = {9}
}

@article{higham08modeling,
  title = {Modeling and {{Simulating Chemical Reactions}}},
  author = {Higham, Desmond J.},
  year = {2008},
  month = jan,
  volume = {50},
  pages = {347--368},
  publisher = {{Society for Industrial and Applied Mathematics}},
  issn = {0036-1445},
  doi = {10.1137/060666457},
  file = {G\:\\My Drive\\Files\\zotero_library\\Higham_2008_Modeling and Simulating Chemical Reactions.pdf},
  journal = {SIAM Review},
  number = {2}
}

@article{izhikevich06bursting,
  title = {Bursting},
  author = {Izhikevich, Eugene M.},
  year = {2006},
  month = mar,
  volume = {1},
  pages = {1300},
  issn = {1941-6016},
  doi = {10.4249/scholarpedia.1300},
  journal = {Scholarpedia},
  language = {en},
  number = {3}
}

@article{jutras10synchronous,
  title = {Synchronous Neural Activity and Memory Formation},
  author = {Jutras, Michael J and Buffalo, Elizabeth A},
  year = {2010},
  month = apr,
  volume = {20},
  pages = {150--155},
  issn = {0959-4388},
  doi = {10.1016/j.conb.2010.02.006},
  file = {G\:\\My Drive\\Files\\zotero_library\\Jutras_Buffalo_2010_Synchronous neural activity and memory formation.pdf},
  journal = {Current Opinion in Neurobiology},
  language = {en},
  number = {2},
  series = {Cognitive Neuroscience}
}

@article{kruskal07binless,
  title = {A Binless Correlation Measure Reduces the Variability of Memory Reactivation Estimates},
  author = {Kruskal, Peter B. and Stanis, Jessica J. and McNaughton, Bruce L. and Thomas, Peter J.},
  year = {2007},
  month = sep,
  volume = {26},
  pages = {3997--4008},
  issn = {02776715, 10970258},
  doi = {10.1002/sim.2946},
  file = {G\:\\My Drive\\Files\\zotero_library\\Kruskal et al_2007_A binless correlation measure reduces the variability of memory reactivation.pdf},
  journal = {Statistics in Medicine},
  language = {en},
  number = {21}
}

@article{lecar07morrislecar,
  title = {Morris-{{Lecar}} Model},
  author = {Lecar, Harold},
  year = {2007},
  month = oct,
  volume = {2},
  pages = {1333},
  issn = {1941-6016},
  doi = {10.4249/scholarpedia.1333},
  journal = {Scholarpedia},
  language = {en},
  number = {10}
}

@article{mainen96influence,
  title = {Influence of Dendritic Structure on Firing Pattern in Model Neocortical Neurons},
  author = {Mainen, Zachary F. and Sejnowski, Terrence J.},
  year = {1996},
  month = jul,
  volume = {382},
  pages = {363--366},
  issn = {0028-0836, 1476-4687},
  doi = {10.1038/382363a0},
  file = {C\:\\Users\\sdd50\\Zotero\\storage\\NI27K5FQ\\Mainen and Sejnowski - 1996 - Influence of dendritic structure on firing pattern.pdf},
  journal = {Nature},
  language = {en},
  number = {6589}
}

@article{mormann03epileptic,
  title = {Epileptic Seizures Are Preceded by a Decrease in Synchronization},
  author = {Mormann, Florian and Kreuz, Thomas and Andrzejak, Ralph G and David, Peter and Lehnertz, Klaus and Elger, Christian E},
  year = {2003},
  month = mar,
  volume = {53},
  pages = {173--185},
  issn = {0920-1211},
  doi = {10.1016/S0920-1211(03)00002-0},
  file = {G\:\\My Drive\\Files\\zotero_library\\Mormann et al_2003_Epileptic seizures are preceded by a decrease in synchronization.pdf},
  journal = {Epilepsy Research},
  keywords = {Focal epilepsy,Ictogenesis,Intracranial EEG,Phase synchrony,Seizure anticipation,Seizure prediction},
  language = {en},
  number = {3}
}

@article{morris81voltage,
  title = {Voltage Oscillations in the Barnacle Giant Muscle Fiber},
  author = {Morris, C. and Lecar, H.},
  year = {1981},
  month = jul,
  volume = {35},
  pages = {193--213},
  issn = {00063495},
  doi = {10.1016/S0006-3495(81)84782-0},
  file = {G\:\\My Drive\\Files\\zotero_library\\Morris_Lecar_1981_Voltage oscillations in the barnacle giant muscle fiber.pdf},
  journal = {Biophysical Journal},
  language = {en},
  number = {1}
}

@article{pikovsky07synchronization,
  title = {Synchronization},
  author = {Pikovsky, Arkady and Rosenblum, Michael},
  year = {2007},
  month = dec,
  volume = {2},
  pages = {1459},
  issn = {1941-6016},
  doi = {10.4249/scholarpedia.1459},
  journal = {Scholarpedia},
  language = {en},
  number = {12}
}

@book{rinzel98chapter7,
  title = {Chapter-7 : {{Methods}} in Neuronal Modeling: From Ions to Networks},
  shorttitle = {Methods in Neuronal Modeling},
  author = {Rinzel, John and Ermentrout, G. Bard},
  editor = {Koch, Christof and Segev, Idan},
  year = {1998},
  edition = {2nd ed},
  publisher = {{MIT Press}},
  address = {{Cambridge, Mass}},
  file = {G\:\\My Drive\\Files\\zotero_library\\Rinzel_Ermentrout_1998_Ch7_Methods in neuronal modeling from ions to ne.pdf},
  isbn = {978-0-262-11231-4},
  keywords = {Computer simulation,Nervous system,Neural networks (Neurobiology),Neurons},
  lccn = {QP363.3 .M46 1998},
  series = {Computational Neuroscience}
}

@article{vanvreeswijk94when,
  title = {When Inhibition Not Excitation Synchronizes Neural Firing},
  author = {Van Vreeswijk, Carl and Abbott, L. F. and Bard Ermentrout, G.},
  year = {1994},
  month = dec,
  volume = {1},
  pages = {313--321},
  issn = {1573-6873},
  doi = {10.1007/BF00961879},
  file = {G\:\\My Drive\\Files\\zotero_library\\Van Vreeswijk et al_1994_When inhibition not excitation synchronizes neural firing.pdf},
  journal = {Journal of Computational Neuroscience},
  language = {en},
  number = {4}
}

@article{victor97metricspace,
  title = {Metric-Space Analysis of Spike Trains: Theory, Algorithms and Application},
  shorttitle = {Metric-Space Analysis of Spike Trains},
  author = {Victor, Jonathan D. and Purpura, Keith P.},
  year = {1997},
  month = jan,
  volume = {8},
  pages = {127--164},
  publisher = {{Taylor \& Francis}},
  issn = {0954-898X},
  doi = {10.1088/0954-898X_8_2_003},
  annotation = {\_eprint: https://doi.org/10.1088/0954-898X\_8\_2\_003},
  file = {G\:\\My Drive\\Files\\zotero_library\\Victor_Purpura_1997_Metric-space analysis of spike trains.pdf},
  journal = {Network: Computation in Neural Systems},
  number = {2}
}

@misc{who20epilepsy,
  title = {Epilepsy},
  author = {WHO},
  year = {2020},
  howpublished = {https://www.who.int/westernpacific/health-topics/epilepsy},
  language = {en}
}

@book{wilkinson19stochastic,
  title = {Stochastic Modelling for Systems Biology},
  author = {Wilkinson, Darren James},
  year = {2019},
  edition = {Third edition},
  publisher = {{CRC Press, Taylor and Francis Group}},
  address = {{Boca Raton}},
  file = {G\:\\My Drive\\Files\\zotero_library\\Zotero-bypass\\Wilkinson_2018_Stochastic Modelling for Systems Biology_Third Edition-CRC Press.pdf},
  isbn = {978-1-351-00089-5 978-1-351-00091-8},
  keywords = {Biological systems,Mathematical models,Systems biology},
  lccn = {QH323.5},
  series = {Chapman \& {{Hall}}/{{CRC}} Mathematical and Computational Biology}
}

@misc{yu00dynamical,
  title = {Dynamical {{Consequences}} of {{Sensory Feedback}} in a {{Half}}-{{Center Oscillator Coupled}} to a {{Simple Motor System}}},
  author = {Yu, Zhuojun and Thomas, Peter J.},
  publisher = {{Unpublished}},
  file = {G\:\\My Drive\\Files\\zotero_library\\Yu_Thomas_Unpublished_Dynamical Consequences of Sensory Feedback in a Half-Center Oscillator Coupled to a Simple Motor System.pdf}
}


